@article{GCR16,
year={2016},
issn={0960-3174},
journal={Statistics and Computing},
volume={26},
number={1-2},
doi={10.1007/s11222-014-9523-8},
title={Inference in finite state space non parametric Hidden {M}arkov Models and applications},
OPTurl={http://dx.doi.org/10.1007/s11222-014-9523-8},
publisher={Springer US},
keywords={Identifiability; Hidden {M}arkov Models; Non-parametric},
author={Gassiat, E. and Cleynen, A. and Robin, S.},
pages={61-71},
language={English}
}


@Article{DLR77,
  author =  {Dempster, A. P. and Laird, N. M. and Rubin, D. B.},
  title =  {Maximum Likelihood from Incomplete Data via the {EM} algorithm},
  journal =  {Journal of the Royal Statistical Society: Series B},
  year =  {1977},
  volume =  {39},
  pages =  {1--38}
}


@Article{NoS01,
  author =  {Nowicki, K. and Snijders, T.A.B.},
  title={Estimation and prediction for stochastic blockstructures},
  journal={Journal of the American {S}tatistical {A}ssociation},
  volume={96},
  number={455},
  pages={1077--1087},
  year={2001},
  publisher={Taylor \& Francis}
}


@article{HoL79,
  title={Structural sociometry},
  author={Holland, P.W. and Leinhardt, S.},
  journal={Perspectives on Social Network Research},
  pages={63--83},
  year={1979},
  publisher={Academic Press New York}
}


@article{DPR08,
  author =  {Daudin, J.-J. and Picard, F. and Robin, S.},
  title =  {A mixture model for random graphs},
  journal =  {Stat. Comput.},
  year =  {2008},
  volume =  {18},
  number =  {2},
  pages =  {173--83}
  }


@article{BKM17,
  title={Variational inference: A review for statisticians},
  author={{Blei}, D.~M. and {Kucukelbir}, A. and {McAuliffe}, J.~D.},
  journal={Journal of the American Statistical Association},
  volume={112},
  number={518},
  pages={859--877},
  year={2017},
  publisher={Taylor \& Francis}
}

